<?xml version="1.0" encoding="UTF-8"?><collection><record><leader>04203ntm a2200457 a 4500</leader><controlfield tag="001">002576836</controlfield><controlfield tag="003">MiAaHDL</controlfield><controlfield tag="005">20190719000000.0</controlfield><controlfield tag="006">m        d        </controlfield><controlfield tag="007">cr bn ---auaua</controlfield><controlfield tag="008">921116s1598    xx            00||  ara d</controlfield><datafield tag="035" ind1=" " ind2=" "><subfield code="a">(MiU)002576836</subfield></datafield><datafield tag="035" ind1=" " ind2=" "><subfield code="a">sdr-miu002576836</subfield></datafield><datafield tag="035" ind1=" " ind2=" "><subfield code="a">(OCoLC)34365293</subfield></datafield><datafield tag="035" ind1=" " ind2=" "><subfield code="a">(RLIN)MIUH92-A28</subfield></datafield><datafield tag="040" ind1=" " ind2=" "><subfield code="a">MiU</subfield><subfield code="c">MiU</subfield><subfield code="e">appm</subfield></datafield><datafield tag="100" ind1="1" ind2=" "><subfield code="6">880-01</subfield><subfield code="a">Ibn al-Hāʼim, Aḥmad ibn Muḥammad,</subfield><subfield code="d">-1412.</subfield></datafield><datafield tag="240" ind1="1" ind2="0"><subfield code="6">880-02</subfield><subfield code="a">Mumtiʻ fī sharḥ al-muqniʻ fī ʻilm al-jabr wa-al-muqābalah</subfield></datafield><datafield tag="245" ind1="1" ind2="0"><subfield code="6">880-03</subfield><subfield code="a">Kitāb al-mumtiʻ fī sharḥ al-muqniʻ fī ʻilm al-jabr wa-al-muqābalah :</subfield><subfield code="k">manuscript,</subfield><subfield code="f">[1598] /</subfield><subfield code="c">kilāhumā lil-shaykh al-imām wa-al-ḥibr al-hammām al-ʻālim al-muḥaqqiq wa-al-ʻallāmah al-mudaqqiq al-shaykh Shihāb al-Dīn Aḥmad ibn al-Hāyim. Wa-yalīhi sharḥ al-yāsmīnīyah /li-Sibṭ al-Māridīnī. Wa-yalīhi sharḥ al-yāsmīnīyah /li-Ibn al-Hāyim.</subfield></datafield><datafield tag="300" ind1=" " ind2=" "><subfield code="a">1</subfield><subfield code="f">v. ([96] p.) ;</subfield><subfield code="c">21 cm.</subfield></datafield><datafield tag="500" ind1=" " ind2=" "><subfield code="a">Watermarks: Anchor in circle; initials HA. For the former see Edward Heawood, Watermarks, Mainly of the 17th and 18th Centuries (Hilversum, 1950), nos. 1-8.</subfield></datafield><datafield tag="500" ind1=" " ind2=" "><subfield code="a">Text rubricated and enclosed in thin red double border; marginal corrections in hand of copyist; written on p. [1]: min al-majmūʻ/kurrās 5.</subfield></datafield><datafield tag="500" ind1=" " ind2=" "><subfield code="a">Date and name of copyist in colophon: [?]... li-nafsihi wa-li-man shāʾa Allāh min baʻdihi Abū Bakr ibn Muḥammad ibn ʻAbd Allāh ibn ʻUthmān al-Miṣrī thumma al-Buḥayrī thumma al-Kh[?] thumma al-Azharī thumma al-Ḥanafī wa-kāna ibtidāʾ kitābatihi ṣubḥīyat yawm al-Jumʻah thānī shahr Ṣafar sanat sabaʻ wa-alf wa-kāna tamāmuhu yawm al-ithnayn al-ḍuḥá Khamīs al-shahr al-madhkūr [7 September 1598].</subfield></datafield><datafield tag="500" ind1=" " ind2=" "><subfield code="a">For other commentaries by Ibn al-Hāʾim on his al-Muqniʻ, see Mich. Isl. Mss. 701 and 703. Another commentary by an unidentified author is Mich. Isl. Ms. 700.</subfield></datafield><datafield tag="510" ind1="4" ind2=" "><subfield code="a">GAL,</subfield><subfield code="c">v. II, p. 154; GAL, Suppl. II, p. 154; King, Survey, p. 69.</subfield></datafield><datafield tag="520" ind1=" " ind2=" "><subfield code="a">"A commentary on the poem by Ibn al-Hāʾim entitled Al-Muḳniʻ fī ʻilm al-jabr wa-al-muqābalah." Cataloging by Elinor M. Husselman, 1945. The other two works listed on the title page are absent from the item in hand.</subfield></datafield><datafield tag="538" ind1=" " ind2=" "><subfield code="a">Mode of access: Internet.</subfield></datafield><datafield tag="541" ind1=" " ind2=" "><subfield code="d">07/--/36</subfield><subfield code="3">Manuscript</subfield><subfield code="a">McGregor Fund</subfield><subfield code="c">Purchase, 1933/34</subfield></datafield><datafield tag="545" ind1=" " ind2=" "><subfield code="a">Egyptian mathematician who taught at the Ṣalāḥīyah madrasah in Jerusalem; author of numerous influential works on arithmetic, algebra, and the arithmetic of inheritance.</subfield></datafield><datafield tag="561" ind1=" " ind2=" "><subfield code="a">Purchased in Cairo, 1933/34. Owners' marks: inside cover, manuscript notes in handwriting of Max Meyerhof; on p. [1], manuscript notes in handwriting of Louis Charles Karpinski.</subfield></datafield><datafield tag="600" ind1="1" ind2="0"><subfield code="6">880-04</subfield><subfield code="a">Ibn al-Hāʾim, Aḥmad ibn Muḥammad,</subfield><subfield code="d">d. 1412.</subfield><subfield code="t">Muqniʻ fī ʻilm al-jabr wa-al-muqābalah.</subfield></datafield><datafield tag="650" ind1=" " ind2="0"><subfield code="a">Algebra</subfield><subfield code="v">Early works to 1800.</subfield></datafield><datafield tag="650" ind1=" " ind2="0"><subfield code="a">Mathematics, Arab</subfield><subfield code="x">Early works to 1800.</subfield></datafield><datafield tag="650" ind1=" " ind2="0"><subfield code="a">Manuscripts, Arabic</subfield><subfield code="z">Michigan</subfield><subfield code="z">Ann Arbor.</subfield></datafield><datafield tag="700" ind1="1" ind2="0"><subfield code="6">880-05</subfield><subfield code="a">Ibn al-Hāʼim, Aḥmad ibn Muḥammad,</subfield><subfield code="d">-1412.</subfield><subfield code="t">Muqniʻ fī ʻilm al-jabr wa-al-muqābalah.</subfield></datafield><datafield tag="700" ind1="1" ind2=" "><subfield code="a">Meyerhof, Max,</subfield><subfield code="d">1874-1945,</subfield><subfield code="e">former owner.</subfield></datafield><datafield tag="773" ind1="0" ind2=" "><subfield code="a">Tracy W. McGregor Collection of Arabic, Persian, and Turkish Mathematical and Astronomical Manuscripts.</subfield><subfield code="7">unbc</subfield><subfield code="w">(CStRLIN)MIUH92-A20.</subfield></datafield><datafield tag="880" ind1="0" ind2="0"><subfield code="6">700-05/</subfield><subfield code="a">أحمد بن محمد بن الهائم.</subfield><subfield code="t">مقنع في علم الجبر والمقابلة.</subfield></datafield><datafield tag="880" ind1="0" ind2="0"><subfield code="6">600-04/</subfield><subfield code="a">أحمد بن محمد بن الهائم.</subfield><subfield code="t">مقنع في علم الجبر والمقابلة.</subfield></datafield><datafield tag="880" ind1="1" ind2="0"><subfield code="6">245-03/</subfield><subfield code="a">كتاب الممتع في شرح المقنع في علم الجبر والمقابلة :</subfield><subfield code="k">manuscript،</subfield><subfield code="f">[1598] /</subfield><subfield code="c">كلاهما للشيخ الإمام والحبر الهمام العالم المحقق والعلامة المدقق الشيخ شهاب الدين أحمد بن الهايم. ويليه شرح الياسمينية /لسبط المارديني. ويليه شرح الياسمينية /لابن الهايم.</subfield></datafield><datafield tag="880" ind1="1" ind2="0"><subfield code="6">240-02/</subfield><subfield code="a">ممتع في شرح المقنع في علم الجبر والمقابلة</subfield></datafield><datafield tag="880" ind1="0" ind2=" "><subfield code="6">100-01/</subfield><subfield code="a">أحمد بن محمد بن الهائم.</subfield></datafield><datafield tag="CID" ind1=" " ind2=" "><subfield code="a">002576836</subfield></datafield><datafield tag="DAT" ind1="0" ind2=" "><subfield code="a">20190719102632.0</subfield><subfield code="b">20190719000000.0</subfield></datafield><datafield tag="DAT" ind1="1" ind2=" "><subfield code="a">20190719090653.0</subfield><subfield code="b">2019-07-19T16:10:37Z</subfield></datafield><datafield tag="DAT" ind1="2" ind2=" "><subfield code="a">2015-10-02T18:00:03Z</subfield></datafield><datafield tag="CAT" ind1=" " ind2=" "><subfield code="a">SDR-MIU</subfield><subfield code="d">EX LIBRIS - ALEPH</subfield><subfield code="l">prepare.pl-004-008</subfield></datafield><datafield tag="FMT" ind1=" " ind2=" "><subfield code="a">BK</subfield></datafield><datafield tag="HOL" ind1=" " ind2=" "><subfield code="0">sdr-miu002576836</subfield><subfield code="a">MiU</subfield><subfield code="b">SDR</subfield><subfield code="c">MIU</subfield><subfield code="p">mdp.39015081446554</subfield><subfield code="s">MIU</subfield><subfield code="1">002576836</subfield></datafield><datafield tag="974" ind1=" " ind2=" "><subfield code="b">MIU</subfield><subfield code="c">MIU</subfield><subfield code="d">20190719</subfield><subfield code="s">lit-dlps-dc</subfield><subfield code="u">mdp.39015081446554</subfield><subfield code="y">1598</subfield><subfield code="r">pd</subfield><subfield code="q">bib</subfield><subfield code="t">non-US bib date1 &lt; 1879</subfield></datafield></record></collection>